@book{1996egff.book.....M,
       author = {{Murray}, James D. and {Vanryper}, William},
        title = "{Encyclopedia of graphics file formats}",
         year = 1996,
       adsurl = {https://ui.adsabs.harvard.edu/abs/1996egff.book.....M},
      adsnote = {Provided by the SAO/NASA Astrophysics Data System},
      publisher={O'Reilly}
}

@article{michelitsch1992burning,
  title={The “burning ship” and its quasi-Julia sets},
  author={Michelitsch, Michael and R{\"o}ssler, Otto E},
  journal={Computers \& graphics},
  volume={16},
  number={4},
  pages={435--438},
  year={1992},
  publisher={Elsevier}
}

@misc{vmintromiami,
	date-added = {2022-07-24 19:46:56 +0200},
	date-modified = {2022-07-24 19:47:29 +0200},
	lastchecked = {24.07.2022},
	month = {10},
  howpublished = "\url{https://www.cs.miami.edu/home/burt/learning/Csc521.101/notes/virtual-memory-notes.html}",
	year = {2009}}

@misc{linuxmanfwrite,
	date-added = {2022-07-24 19:41:55 +0200},
	date-modified = {2022-07-24 19:42:44 +0200},
	lastchecked = {24.07.2022},
	month = {3},
  howpublished = "\url{https://man7.org/linux/man-pages/man3/fwrite.3.html}",
	year = {2021}}

@article{mandelbrot1980fractal,
  title={Fractal aspects of the iteration of z→ $\Lambda$z (1-z) for complex $\Lambda$ and z},
  author={Mandelbrot, Benoit B},
  journal={Annals of the New York Academy of Sciences},
  volume={357},
  number={1},
  pages={249--259},
  year={1980},
  publisher={Blackwell Publishing Ltd Oxford, UK}
}